@article{maddpg,
	author    = {Ryan Lowe and
	Yi Wu and
	Aviv Tamar and
	Jean Harb and
	Pieter Abbeel and
	Igor Mordatch},
	title     = {Multi-Agent Actor-Critic for Mixed Cooperative-Competitive Environments},
	journal   = {CoRR},
	volume    = {abs/1706.02275},
	year      = {2017},
	url       = {http://arxiv.org/abs/1706.02275},
	archivePrefix = {arXiv},
	eprint    = {1706.02275},
	timestamp = {Mon, 03 Jul 2017 13:29:02 +0200},
	biburl    = {https://dblp.org/rec/bib/journals/corr/LoweWTHAM17},
	bibsource = {dblp computer science bibliography, https://dblp.org}
}

@misc{openaigym,
author = {OpenAI},
title = {Multi-Agent Particle Environments},
howpublished = {\url{https://github.com/openai/multiagent-particle-envs}},
year = 2017
}

@TechReport{mitchell80,
  author = 	 "T. M. Mitchell",
  title = 	 "The Need for Biases in Learning Generalizations",
  institution =  "Computer Science Department, Rutgers University",
  year = 	 "1980",
  address =	 "New Brunswick, MA",
}

@phdthesis{kearns89,
  author = {M. J. Kearns},
  title =  {Computational Complexity of Machine Learning},
  school = {Department of Computer Science, Harvard University},
  year =   {1989}
}

@Book{MachineLearningI,
  editor = 	 "R. S. Michalski and J. G. Carbonell and T.
		  M. Mitchell",
  title = 	 "Machine Learning: An Artificial Intelligence
		  Approach, Vol. I",
  publisher = 	 "Tioga",
  year = 	 "1983",
  address =	 "Palo Alto, CA"
}

@Book{DudaHart2nd,
  author =       "R. O. Duda and P. E. Hart and D. G. Stork",
  title =        "Pattern Classification",
  publisher =    "John Wiley and Sons",
  edition =      "2nd",
  year =         "2000"
}

@misc{anonymous,
  title= {Suppressed for Anonymity},
  author= {Author, N. N.},
  year= {2018}
}

@InCollection{Newell81,
  author =       "A. Newell and P. S. Rosenbloom",
  title =        "Mechanisms of Skill Acquisition and the Law of
                  Practice", 
  booktitle =    "Cognitive Skills and Their Acquisition",
  pages =        "1--51",
  publisher =    "Lawrence Erlbaum Associates, Inc.",
  year =         "1981",
  editor =       "J. R. Anderson",
  chapter =      "1",
  address =      "Hillsdale, NJ"
}


@Article{Samuel59,
  author = 	 "A. L. Samuel",
  title = 	 "Some Studies in Machine Learning Using the Game of
		  Checkers",
  journal =	 "IBM Journal of Research and Development",
  year =	 "1959",
  volume =	 "3",
  number =	 "3",
  pages =	 "211--229"
}
